<marcxml:record xmlns:marcxml="http://www.loc.gov/MARC21/slim" xmlns:mets="http://www.loc.gov/METS/" xmlns:bf="http://id.loc.gov/ontologies/bibframe/" xmlns:rdf="http://www.w3.org/1999/02/22-rdf-syntax-ns#" xmlns:madsrdf="http://www.loc.gov/mads/rdf/v1#" xmlns:bflc="http://id.loc.gov/ontologies/bflc/" xmlns:ri="http://id.loc.gov/ontologies/RecordInfo#" xmlns:idx="info:lc/xq-modules/lcindex" xmlns:xlink="http://www.w3.org/1999/xlink" xmlns:xsi="http://www.w3.org/2001/XMLSchema-instance" xmlns:semtriples="http://marklogic.com/semantic" xmlns:streams="info:lc/streams#">
    <marcxml:leader>00683cz  a2200193n  4500</marcxml:leader>
    <marcxml:controlfield tag="001">no98002952</marcxml:controlfield>
    <marcxml:controlfield tag="003">DLC</marcxml:controlfield>
    <marcxml:controlfield tag="005">20130318121945.0</marcxml:controlfield>
    <marcxml:controlfield tag="008">980106n| azannaabn          |a ana     c</marcxml:controlfield>
    <marcxml:datafield tag="010" ind1=" " ind2=" ">
        <marcxml:subfield code="a">no 98002952 </marcxml:subfield>
    </marcxml:datafield>
    <marcxml:datafield tag="035" ind1=" " ind2=" ">
        <marcxml:subfield code="a">(OCoLC)oca04575797</marcxml:subfield>
    </marcxml:datafield>
    <marcxml:datafield tag="040" ind1=" " ind2=" ">
        <marcxml:subfield code="a">OCoLC</marcxml:subfield>
        <marcxml:subfield code="b">eng</marcxml:subfield>
        <marcxml:subfield code="e">rda</marcxml:subfield>
        <marcxml:subfield code="c">OCoLC</marcxml:subfield>
        <marcxml:subfield code="d">DLC</marcxml:subfield>
        <marcxml:subfield code="d">PPi-MA</marcxml:subfield>
        <marcxml:subfield code="d">DLC</marcxml:subfield>
    </marcxml:datafield>
    <marcxml:datafield tag="130" ind1=" " ind2="0">
        <marcxml:subfield code="a">Partita,</marcxml:subfield>
        <marcxml:subfield code="m">clarinets (2), bassoon,</marcxml:subfield>
        <marcxml:subfield code="r">E♭ major;</marcxml:subfield>
        <marcxml:subfield code="o">arranged</marcxml:subfield>
    </marcxml:datafield>
    <marcxml:datafield tag="430" ind1=" " ind2="0">
        <marcxml:subfield code="w">nnea</marcxml:subfield>
        <marcxml:subfield code="a">Partita,</marcxml:subfield>
        <marcxml:subfield code="m">clarinets (2), bassoon,</marcxml:subfield>
        <marcxml:subfield code="r">E♭ major;</marcxml:subfield>
        <marcxml:subfield code="o">arr.</marcxml:subfield>
    </marcxml:datafield>
    <marcxml:datafield tag="430" ind1=" " ind2="0">
        <marcxml:subfield code="a">Partita,</marcxml:subfield>
        <marcxml:subfield code="m">oboe, clarinet, bassoon,</marcxml:subfield>
        <marcxml:subfield code="r">E♭ major</marcxml:subfield>
    </marcxml:datafield>
    <marcxml:datafield tag="667" ind1=" " ind2=" ">
        <marcxml:subfield code="a">Machine-derived authority record.</marcxml:subfield>
    </marcxml:datafield>
    <marcxml:datafield tag="670" ind1=" " ind2=" ">
        <marcxml:subfield code="a">LCCN 88-750336: Adamusovo dechové trio. Works for oboe, clarinet, and bassoon, p1986</marcxml:subfield>
    </marcxml:datafield>
</marcxml:record>
